<?xml version="1.0" encoding="UTF-8"?>
<collection xmlns:xsi="http://www.w3.org/2001/XMLSchema-instance" xsi:schemaLocation="http://www.loc.gov/MARC21/slim http://www.loc.gov/standards/marcxml/schema/MARC21slim.xsd" xmlns="http://www.loc.gov/MARC21/slim">
<record>
  <leader>00653cam a22002291  4500</leader>
  <controlfield tag="001">3071097</controlfield>
  <controlfield tag="003">NNC</controlfield>
  <controlfield tag="005">20121018201237.0</controlfield>
  <controlfield tag="008">921218s1945    ua            000 0 arard</controlfield>
  <datafield tag="035" ind1=" " ind2=" ">
    <subfield code="a">(OCoLC)ocm27143129</subfield>
  </datafield>
  <datafield tag="035" ind1=" " ind2=" ">
    <subfield code="9">ATP4055CU</subfield>
  </datafield>
  <datafield tag="035" ind1=" " ind2=" ">
    <subfield code="a">(NNC)3071097</subfield>
  </datafield>
  <datafield tag="040" ind1=" " ind2=" ">
    <subfield code="a">CUY</subfield>
    <subfield code="c">CUY</subfield>
    <subfield code="d">ZCU</subfield>
  </datafield>
  <datafield tag="099" ind1=" " ind2=" ">
    <subfield code="a">893.7G34</subfield>
    <subfield code="a">BS4</subfield>
  </datafield>
  <datafield tag="100" ind1="1" ind2=" ">
    <subfield code="a">Surūr, Ṭāhā ʻAbd al-Bāqī.</subfield>
  </datafield>
  <datafield tag="245" ind1="1" ind2="3">
    <subfield code="a">al-Ghazzālī</subfield>
    <subfield code="c">[tʾalīf] Ṭāhā ʻAbd al-Bāqī Surūr.</subfield>
  </datafield>
  <datafield tag="260" ind1=" " ind2=" ">
    <subfield code="a">[Miṣr]</subfield>
    <subfield code="b">Dār al-Maʻārif</subfield>
    <subfield code="c">[1945]</subfield>
  </datafield>
  <datafield tag="300" ind1=" " ind2=" ">
    <subfield code="a">141 p.</subfield>
  </datafield>
  <datafield tag="490" ind1="1" ind2=" ">
    <subfield code="a">Iqraʾ,</subfield>
    <subfield code="v">31</subfield>
  </datafield>
  <datafield tag="600" ind1="0" ind2="0">
    <subfield code="a">Ghazzālī,</subfield>
    <subfield code="d">1058-1111.</subfield>
  </datafield>
  <datafield tag="830" ind1=" " ind2="0">
    <subfield code="a">Iqraʼ (Cairo, Egypt) ;</subfield>
    <subfield code="v">31.</subfield>
  </datafield>
  <datafield tag="955" ind1=" " ind2=" ">
    <subfield code="b">CU58869239</subfield>
    <subfield code="d">off,glx</subfield>
    <subfield code="e">893.7G34 BS4</subfield>
  </datafield>
</record>
</collection>